@INPROCEEDINGS{GUPTA10, 
author={Gupta, N. and Mandal, S.K. and Malave, J. and Mandal, A. and Mahapatra, R.N.}, 
booktitle={VLSI Design, 2010. VLSID '10. 23rd International Conference on}, 
title={A Hardware Scheduler for Real Time Multiprocessor System on Chip}, 
year={2010}, 
pages={264-269}, 
ISSN={1063-9667},}

@inproceedings{graham1972,
 author = {Graham, R. L.},
 title = {Bounds on Multiprocessing Anomalies and Related Packing Algorithms},
 booktitle = {Proceedings of the May 16-18, 1972, Spring Joint Computer Conference},
 series = {AFIPS '72 (Spring)},
 year = {1972},
 location = {Atlantic City, New Jersey},
 pages = {205--217},
 numpages = {13},
 publisher = {ACM},
 address = {New York, NY, USA},
} 

@INPROCEEDINGS{andersson2003, 
author={Andersson, B. and Baruah, S. and Jonsson, J.}, 
booktitle={Real-Time Systems Symposium, 2001. (RTSS
                  2001). Proceedings. 22nd IEEE}, 
title={Static-priority scheduling on multiprocessors}, 
year={2001}, 
pages={193-202}, 
}

@INPROCEEDINGS{cachecl, 
author={Mancuso, R. and Dudko, R. and Betti, E. and Cesati, M. and Caccamo, M. and Pellizzoni, R.}, 
booktitle={Real-Time and Embedded Technology and Applications Symposium (RTAS), 2013 IEEE 19th}, 
title={Real-time cache management framework for multi-core architectures}, 
year={2013}, 
pages={45-54}, 
ISSN={1080-1812},}

@INPROCEEDINGS{memguard, 
author={Heechul Yun and Gang Yao and Pellizzoni, R. and Caccamo, M. and Lui Sha}, 
booktitle={Real-Time and Embedded Technology and Applications Symposium (RTAS), 2013 IEEE 19th}, 
title={MemGuard: Memory bandwidth reservation system for efficient performance isolation in multi-core platforms}, 
year={2013}, 
pages={55-64}, 
ISSN={1080-1812},}